@BOOK{Knuth84,
  author    = {Donald E. Knuth},
  title     = {The \TeX book},
  publisher = {Addison-Wesley},
  year      = {1984},
  address   = {Reading, Massachusetts},
  series    = {Computers and Typesetting, Volume A},
  isbn      = {978-0-201-13447-6}
}

@ARTICLE{Claydon17,
  author        = {Claydon, I. and Gieles, M. and Zocchi, A.},
  title         = {The properties of energetically unbound stars in stellar clusters},
  journal       = {Monthly Notices of the Royal Astronomical Society},
  archivePrefix = {arXiv},
  eprint        = {1612.02253},
  primaryClass  = {astro-ph.SR},
  keywords      = {methods: analytical, methods: numerical, globular clusters: general, galaxies: kinematics and dynamics},
  year          = {2017},
  month         = {may},
  volume        = {466},
  pages         = {3937--3950},
  doi           = {10.1093/mnras/stw3309},
  adsurl        = {http://adsabs.harvard.edu/abs/2017MNRAS.466.3937C},
  adsnote       = {Provided by the SAO/NASA Astrophysics Data System}
}

@INPROCEEDINGS{LeCun98,
  author    = {LeCun, Yann and Bottou, LÃ©on and Bengio, Yoshua and Haffner, Patrick},
  title     = {Gradient-Based Learning Applied to Document Recognition},
  booktitle = {Proceedings of the IEEE},
  year      = {1998},
  volume    = {86},
  number    = {11},
  pages     = {2278--2324},
  doi       = {10.1109/5.726791}
}

@MISC{OpenAI2023,
  author       = {OpenAI},
  title        = {ChatGPT: Optimizing Language Models for Dialogue},
  year         = {2023},
  url          = {https://openai.com/blog/chatgpt},
  note         = {Accessed: 2025-04-19}
}
