@MISC{CNCF,
  author       = {CNCF},
  title        = {New SlashData report: 5.6 million developers use Kubernetes, an increase of 67% over one year},
  year         = {2021},
  url          = {https://www.cncf.io/blog/2021/12/20/new-slashdata-report-5-6-million-developers-use-kubernetes-an-increase-of-67-over-one-year/},
  note         = {Accessed: 2025-04-19}
}


@misc{CNCF_survey,
  author = {CNCF},
  title = {CNCF Survey 2021},
  year = {2021},
  url = {https://www.cncf.io},
  note = {Accessed: 2025-04-19}
}

@MISC{K3s,
  author = {{Rancher Labs}},
  title = {Lightweight Kubernetes - K3s},
  year = {2023},
  url = {https://k3s.io},
  note = {Accessed: 2025-04-19}
}

@misc{Terraform,
  author = {{HashiCorp}},
  title = {Terraform by HashiCorp},
  year = {2024},
  url = {https://www.terraform.io},
  note = {Accessed: 2025-04-19}
}